<record xmlns="http://www.loc.gov/MARC21/slim" xmlns:xsi="http://www.w3.org/2001/XMLSchema-instance" xsi:schemaLocation="http://www.loc.gov/MARC21/slim http://www.loc.gov/standards/marcxml/schema/MARC21slim.xsd"><leader>00037nz   2200037n  4500</leader><controlfield tag="001">DNB|102407428</controlfield><controlfield tag="003">DNB</controlfield><controlfield tag="005">19960808164550.0</controlfield><controlfield tag="008">930416|||az|nnaa|||||||||||| a|aaa|||| d</controlfield><datafield ind1="7" ind2=" " tag="016"><subfield code="a">102407428</subfield><subfield code="2">GyFmDB</subfield></datafield><datafield ind1=" " ind2=" " tag="040"><subfield code="a">0000</subfield><subfield code="b">ger</subfield><subfield code="d">9999</subfield><subfield code="f">RAK-PND</subfield></datafield><datafield ind1="1" ind2=" " tag="045"><subfield code="b">d4. Jh. v. Chr.</subfield></datafield><datafield ind1="0" ind2=" " tag="100"><subfield code="a">Theodectes,</subfield><subfield code="c">Phaselinus</subfield><subfield code="d">4. Jh. v. Chr.</subfield></datafield><datafield ind1="0" ind2=" " tag="400"><subfield code="a">Theodectes,</subfield><subfield code="c">Tragicus</subfield><subfield code="d">4. Jh. v. Chr.</subfield></datafield><datafield ind1="0" ind2=" " tag="400"><subfield code="a">Theodectas,</subfield><subfield code="c">Tragicus</subfield><subfield code="d">4. Jh. v. Chr.</subfield></datafield><datafield ind1="0" ind2=" " tag="400"><subfield code="a">Theodektes,</subfield><subfield code="c">Rhetor</subfield><subfield code="d">4. Jh. v. Chr.</subfield></datafield><datafield ind1="0" ind2=" " tag="400"><subfield code="a">Theodektes,</subfield><subfield code="c">Tragiker</subfield><subfield code="d">4. Jh. v. Chr.</subfield></datafield><datafield ind1="0" ind2=" " tag="400"><subfield code="a">Theodektes,</subfield><subfield code="c">von Phaselis</subfield><subfield code="d">4. Jh. v. Chr.</subfield></datafield><datafield ind1="0" ind2=" " tag="400"><subfield code="a">Theodectas,</subfield><subfield code="c">Phaselinus</subfield><subfield code="d">4. Jh. v. Chr.</subfield></datafield><datafield ind1="0" ind2=" " tag="400"><subfield code="a">Theodectes,</subfield><subfield code="c">Maior</subfield><subfield code="d">4. Jh. v. Chr.</subfield></datafield><datafield ind1="0" ind2=" " tag="400"><subfield code="a">Théodecte,</subfield><subfield code="c">lÁîné</subfield><subfield code="d">4. Jh. v. Chr.</subfield></datafield><datafield ind1="0" ind2=" " tag="400"><subfield code="a">Theodectes,</subfield><subfield code="c">of Phaselis</subfield><subfield code="d">4. Jh. v. Chr.</subfield></datafield><datafield ind1="0" ind2=" " tag="400"><subfield code="a">Theodectes,</subfield><subfield code="c">Writer of Tragedies</subfield><subfield code="d">4. Jh. v. Chr.</subfield></datafield><datafield ind1="0" ind2=" " tag="400"><subfield code="a">Theodectes,</subfield><subfield code="c">Rhetor</subfield><subfield code="d">4. Jh. v. Chr.</subfield></datafield><datafield ind1="0" ind2=" " tag="400"><subfield code="a">Teodette,</subfield><subfield code="c">di Faselide</subfield><subfield code="d">4. Jh. v. Chr.</subfield></datafield><datafield ind1="0" ind2=" " tag="400"><subfield code="a">Teodette,</subfield><subfield code="c">di Licia</subfield><subfield code="d">4. Jh. v. Chr.</subfield></datafield><datafield ind1="0" ind2=" " tag="400"><subfield code="a">Teodette,</subfield><subfield code="c">Retore</subfield><subfield code="d">4. Jh. v. Chr.</subfield></datafield><datafield ind1="0" ind2=" " tag="400"><subfield code="a">Teodette,</subfield><subfield code="c">Poeta Tragico</subfield><subfield code="d">4. Jh. v. Chr.</subfield></datafield></record>